<?xml version="1.0" encoding="UTF-8"?><collection xmlns="http://www.loc.gov/MARC21/slim"><record><leader>00322nam--2200121-i-4500</leader><controlfield tag="001">000035746</controlfield><controlfield tag="002">20161230</controlfield><controlfield tag="005">20161230201040</controlfield><controlfield tag="008">060222s1000------------r-----000-0-eng-d</controlfield><datafield ind1=" " ind2=" " tag="080"><subfield code="a">535.2(016):535.33(016):535.37(016)</subfield></datafield><datafield ind1=" " ind2=" " tag="245"><subfield code="a">Optical properties of solids. series i</subfield></datafield><datafield ind1=" " ind2=" " tag="260"><subfield code="a">Riverdale, Mar., 1973, 165p</subfield></datafield><datafield ind1=" " ind2=" " tag="852"><subfield code="a">D.1348</subfield></datafield></record></collection>